@TECHREPORT{fis88,
    author    = " R. A. Fisher",
    title     = "Small Soybean Database",
    year      = "1988"
}

@TECHREPORT{wol87,
    author    = "W. H. Wolberg",
    title     = "Wisconsin Breast Cancer Database",
    year      = "1987"
}

@TECHREPORT{ger87,
    author    = "B. German",
    title     = "Glass Identification Database",
    year      = "1987"
}

@TECHREPORT{mic87,
    author    = "R.S. Michalski",
    title     = "Small Soybean Database",
    year      = "1987"
}

@book{mit15,
    author    = "T.M. Mitchel",
    title     = "GENERATIVE AND DISCRIMINATIVE CLASSIFIERS:NAIVE BAYES AND LOGISTIC REGRESSION",
    year      = "2015"
}

@book{kul11
    author    = "Sanjeev Kulkarni, Gilbert Harman",
    title     = "An Elementary Introduction to Statistical Learning Theory",
    year      = "2011"
}

@article{bro19,
    author    = "J. Brownlee",
    title     = "A Gentle Introduction to k-fold Cross-Validation",
    journal   = "Machine Learning Mastery",
    year      = "2019"

}

@TECHREPORT{hou84,
    title     = "Congressional Voting Records Database",
    year      = "1984"
}
